@article{lerer2019pytorch,
  title   = {Pytorch-biggraph: A large-scale graph embedding system},
  author  = {Lerer, Adam and Wu, Ledell and Shen, Jiajun and Lacroix, Timothee and Wehrstedt, Luca and Bose, Abhijit and Peysakhovich, Alex},
  journal = {arXiv preprint arXiv:1903.12287},
  year    = {2019}
}
@inproceedings{yao2019revisiting,
  title     = {Revisiting spatial-temporal similarity: A deep learning framework for traffic prediction},
  author    = {Yao, Huaxiu and Tang, Xianfeng and Wei, Hua and Zheng, Guanjie and Li, Zhenhui},
  booktitle = {Proceedings of the AAAI Conference on Artificial Intelligence},
  volume    = {33},
  pages     = {5668--5675},
  year      = {2019}
}
@inproceedings{ribeiro2017struc2vec,
  title     = {struc2vec: Learning node representations from structural identity},
  author    = {Ribeiro, Leonardo FR and Saverese, Pedro HP and Figueiredo, Daniel R},
  booktitle = {Proceedings of the 23rd ACM SIGKDD international conference on knowledge discovery and data mining},
  pages     = {385--394},
  year      = {2017}
}
@inproceedings{grover2016node2vec,
  title     = {node2vec: Scalable feature learning for networks},
  author    = {Grover, Aditya and Leskovec, Jure},
  booktitle = {Proceedings of the 22nd ACM SIGKDD international conference on Knowledge discovery and data mining},
  pages     = {855--864},
  year      = {2016}
}
@inproceedings{perozzi2014deepwalk,
  title     = {Deepwalk: Online learning of social representations},
  author    = {Perozzi, Bryan and Al-Rfou, Rami and Skiena, Steven},
  booktitle = {Proceedings of the 20th ACM SIGKDD international conference on Knowledge discovery and data mining},
  pages     = {701--710},
  year      = {2014}
}
@article{mikolov2013efficient,
  title   = {Efficient estimation of word representations in vector space},
  author  = {Mikolov, Tomas and Chen, Kai and Corrado, Greg and Dean, Jeffrey},
  journal = {arXiv preprint arXiv:1301.3781},
  year    = {2013}
}
@inproceedings{tang2015line,
  title     = {Line: Large-scale information network embedding},
  author    = {Tang, Jian and Qu, Meng and Wang, Mingzhe and Zhang, Ming and Yan, Jun and Mei, Qiaozhu},
  booktitle = {Proceedings of the 24th international conference on world wide web},
  pages     = {1067--1077},
  year      = {2015}
}